%% This BibTeX bibliography file was created using BibDesk.
%% http://bibdesk.sourceforge.net/


%% Created for Sabato De Maio at 2015-03-21 18:07:51 +0100 


%% Saved with string encoding Unicode (UTF-8) 



@book{R-Prog,
	Author = {Norman Matloff},
	Date-Added = {2015-03-21 17:05:43 +0000},
	Date-Modified = {2015-03-21 17:07:48 +0000},
	Publisher = {No Starch Press, Inc},
	Title = {The Art of R Programming},
	Year = {2011}}
